
@article{ren2017overview,
  author  = {Guoyu Ren and Yihui Ding and Guoli Tang},
  title   = {An Overview of Mainland China Temperature Change Research},
  journal = {Journal of Meteorological Research},
  volume  = {31},
  number  = {1},
  pages   = {3--16},
  year    = {2017},
  doi     = {10.1007/s13351-017-6195-2},
  url     = {http://jmr.cmsjournal.net/en/article/doi/10.1007/s13351-017-6195-2}
}



@misc{ghcnd,
  title={Global Historical Climatology Network Daily},
  howpublished={\url{https://www.ncei.noaa.gov/products/land-based-station/global-historical-climatology-network-daily}},
  note={Accessed: 2023-12-02}
}

@misc{statsmodels,
  title = {statsmodels: Statistics in Python},
  howpublished = {\url{https://www.statsmodels.org/stable/index.html}}
}

@misc{qin2023chatgpt,
      title={Is ChatGPT a General-Purpose Natural Language Processing Task Solver?}, 
      author={Chengwei Qin and Aston Zhang and Zhuosheng Zhang and Jiaao Chen and Michihiro Yasunaga and Diyi Yang},
      year={2023},
      eprint={2302.06476},
      archivePrefix={arXiv},
      primaryClass={cs.CL}
}

@misc{lu2021codexglue,
      title={CodeXGLUE: A Machine Learning Benchmark Dataset for Code Understanding and Generation}, 
      author={Shuai Lu and Daya Guo and Shuo Ren and Junjie Huang and Alexey Svyatkovskiy and Ambrosio Blanco and Colin Clement and Dawn Drain and Daxin Jiang and Duyu Tang and Ge Li and Lidong Zhou and Linjun Shou and Long Zhou and Michele Tufano and Ming Gong and Ming Zhou and Nan Duan and Neel Sundaresan and Shao Kun Deng and Shengyu Fu and Shujie Liu},
      year={2021},
      eprint={2102.04664},
      archivePrefix={arXiv},
      primaryClass={cs.SE}
}

@misc{openai2024gpt4,
      title={GPT-4 Technical Report}, 
      author={OpenAI and Josh Achiam and Steven Adler and Sandhini Agarwal and Lama Ahmad and Ilge Akkaya and Florencia Leoni Aleman and Diogo Almeida and Janko Altenschmidt and Sam Altman and Shyamal Anadkat and Red Avila and Igor Babuschkin and Suchir Balaji and Valerie Balcom and Paul Baltescu and Haiming Bao and Mohammad Bavarian and Jeff Belgum and Irwan Bello and Jake Berdine and Gabriel Bernadett-Shapiro and Christopher Berner and Lenny Bogdonoff and Oleg Boiko and Madelaine Boyd and Anna-Luisa Brakman and Greg Brockman and Tim Brooks and Miles Brundage and Kevin Button and Trevor Cai and Rosie Campbell and Andrew Cann and Brittany Carey and Chelsea Carlson and Rory Carmichael and Brooke Chan and Che Chang and Fotis Chantzis and Derek Chen and Sully Chen and Ruby Chen and Jason Chen and Mark Chen and Ben Chess and Chester Cho and Casey Chu and Hyung Won Chung and Dave Cummings and Jeremiah Currier and Yunxing Dai and Cory Decareaux and Thomas Degry and Noah Deutsch and Damien Deville and Arka Dhar and David Dohan and Steve Dowling and Sheila Dunning and Adrien Ecoffet and Atty Eleti and Tyna Eloundou and David Farhi and Liam Fedus and Niko Felix and Simón Posada Fishman and Juston Forte and Isabella Fulford and Leo Gao and Elie Georges and Christian Gibson and Vik Goel and Tarun Gogineni and Gabriel Goh and Rapha Gontijo-Lopes and Jonathan Gordon and Morgan Grafstein and Scott Gray and Ryan Greene and Joshua Gross and Shixiang Shane Gu and Yufei Guo and Chris Hallacy and Jesse Han and Jeff Harris and Yuchen He and Mike Heaton and Johannes Heidecke and Chris Hesse and Alan Hickey and Wade Hickey and Peter Hoeschele and Brandon Houghton and Kenny Hsu and Shengli Hu and Xin Hu and Joost Huizinga and Shantanu Jain and Shawn Jain and Joanne Jang and Angela Jiang and Roger Jiang and Haozhun Jin and Denny Jin and Shino Jomoto and Billie Jonn and Heewoo Jun and Tomer Kaftan and Łukasz Kaiser and Ali Kamali and Ingmar Kanitscheider and Nitish Shirish Keskar and Tabarak Khan and Logan Kilpatrick and Jong Wook Kim and Christina Kim and Yongjik Kim and Jan Hendrik Kirchner and Jamie Kiros and Matt Knight and Daniel Kokotajlo and Łukasz Kondraciuk and Andrew Kondrich and Aris Konstantinidis and Kyle Kosic and Gretchen Krueger and Vishal Kuo and Michael Lampe and Ikai Lan and Teddy Lee and Jan Leike and Jade Leung and Daniel Levy and Chak Ming Li and Rachel Lim and Molly Lin and Stephanie Lin and Mateusz Litwin and Theresa Lopez and Ryan Lowe and Patricia Lue and Anna Makanju and Kim Malfacini and Sam Manning and Todor Markov and Yaniv Markovski and Bianca Martin and Katie Mayer and Andrew Mayne and Bob McGrew and Scott Mayer McKinney and Christine McLeavey and Paul McMillan and Jake McNeil and David Medina and Aalok Mehta and Jacob Menick and Luke Metz and Andrey Mishchenko and Pamela Mishkin and Vinnie Monaco and Evan Morikawa and Daniel Mossing and Tong Mu and Mira Murati and Oleg Murk and David Mély and Ashvin Nair and Reiichiro Nakano and Rajeev Nayak and Arvind Neelakantan and Richard Ngo and Hyeonwoo Noh and Long Ouyang and Cullen O'Keefe and Jakub Pachocki and Alex Paino and Joe Palermo and Ashley Pantuliano and Giambattista Parascandolo and Joel Parish and Emy Parparita and Alex Passos and Mikhail Pavlov and Andrew Peng and Adam Perelman and Filipe de Avila Belbute Peres and Michael Petrov and Henrique Ponde de Oliveira Pinto and Michael and Pokorny and Michelle Pokrass and Vitchyr H. Pong and Tolly Powell and Alethea Power and Boris Power and Elizabeth Proehl and Raul Puri and Alec Radford and Jack Rae and Aditya Ramesh and Cameron Raymond and Francis Real and Kendra Rimbach and Carl Ross and Bob Rotsted and Henri Roussez and Nick Ryder and Mario Saltarelli and Ted Sanders and Shibani Santurkar and Girish Sastry and Heather Schmidt and David Schnurr and John Schulman and Daniel Selsam and Kyla Sheppard and Toki Sherbakov and Jessica Shieh and Sarah Shoker and Pranav Shyam and Szymon Sidor and Eric Sigler and Maddie Simens and Jordan Sitkin and Katarina Slama and Ian Sohl and Benjamin Sokolowsky and Yang Song and Natalie Staudacher and Felipe Petroski Such and Natalie Summers and Ilya Sutskever and Jie Tang and Nikolas Tezak and Madeleine B. Thompson and Phil Tillet and Amin Tootoonchian and Elizabeth Tseng and Preston Tuggle and Nick Turley and Jerry Tworek and Juan Felipe Cerón Uribe and Andrea Vallone and Arun Vijayvergiya and Chelsea Voss and Carroll Wainwright and Justin Jay Wang and Alvin Wang and Ben Wang and Jonathan Ward and Jason Wei and CJ Weinmann and Akila Welihinda and Peter Welinder and Jiayi Weng and Lilian Weng and Matt Wiethoff and Dave Willner and Clemens Winter and Samuel Wolrich and Hannah Wong and Lauren Workman and Sherwin Wu and Jeff Wu and Michael Wu and Kai Xiao and Tao Xu and Sarah Yoo and Kevin Yu and Qiming Yuan and Wojciech Zaremba and Rowan Zellers and Chong Zhang and Marvin Zhang and Shengjia Zhao and Tianhao Zheng and Juntang Zhuang and William Zhuk and Barret Zoph},
      year={2024},
      eprint={2303.08774},
      archivePrefix={arXiv},
      primaryClass={cs.CL}
}

@misc{devlin2019bert,
      title={BERT: Pre-training of Deep Bidirectional Transformers for Language Understanding}, 
      author={Jacob Devlin and Ming-Wei Chang and Kenton Lee and Kristina Toutanova},
      year={2019},
      eprint={1810.04805},
      archivePrefix={arXiv},
      primaryClass={cs.CL}
}

@misc{solaiman2019release,
      title={Release Strategies and the Social Impacts of Language Models}, 
      author={Irene Solaiman and Miles Brundage and Jack Clark and Amanda Askell and Ariel Herbert-Voss and Jeff Wu and Alec Radford and Gretchen Krueger and Jong Wook Kim and Sarah Kreps and Miles McCain and Alex Newhouse and Jason Blazakis and Kris McGuffie and Jasmine Wang},
      year={2019},
      eprint={1908.09203},
      archivePrefix={arXiv},
      primaryClass={cs.CL}
}

@misc{feng2020codebert,
      title={CodeBERT: A Pre-Trained Model for Programming and Natural Languages}, 
      author={Zhangyin Feng and Daya Guo and Duyu Tang and Nan Duan and Xiaocheng Feng and Ming Gong and Linjun Shou and Bing Qin and Ting Liu and Daxin Jiang and Ming Zhou},
      year={2020},
      eprint={2002.08155},
      archivePrefix={arXiv},
      primaryClass={cs.CL}
}

@misc{svyatkovskiy2020intellicode,
      title={IntelliCode Compose: Code Generation Using Transformer}, 
      author={Alexey Svyatkovskiy and Shao Kun Deng and Shengyu Fu and Neel Sundaresan},
      year={2020},
      eprint={2005.08025},
      archivePrefix={arXiv},
      primaryClass={cs.CL}
}

@misc{sarkar2022like,
      title={What is it like to program with artificial intelligence?}, 
      author={Advait Sarkar and Andrew D. Gordon and Carina Negreanu and Christian Poelitz and Sruti Srinivasa Ragavan and Ben Zorn},
      year={2022},
      eprint={2208.06213},
      archivePrefix={arXiv},
      primaryClass={cs.HC}
}

@misc{yuan2024advancing,
      title={Advancing LLM Reasoning Generalists with Preference Trees}, 
      author={Lifan Yuan and Ganqu Cui and Hanbin Wang and Ning Ding and Xingyao Wang and Jia Deng and Boji Shan and Huimin Chen and Ruobing Xie and Yankai Lin and Zhenghao Liu and Bowen Zhou and Hao Peng and Zhiyuan Liu and Maosong Sun},
      year={2024},
      eprint={2404.02078},
      archivePrefix={arXiv},
      primaryClass={cs.AI}
}

@misc{zhou2019devign,
      title={Devign: Effective Vulnerability Identification by Learning Comprehensive Program Semantics via Graph Neural Networks}, 
      author={Yaqin Zhou and Shangqing Liu and Jingkai Siow and Xiaoning Du and Yang Liu},
      year={2019},
      eprint={1909.03496},
      archivePrefix={arXiv},
      primaryClass={cs.SE}
}

@misc{tufano2019empirical,
      title={An Empirical Study on Learning Bug-Fixing Patches in the Wild via Neural Machine Translation}, 
      author={Michele Tufano and Cody Watson and Gabriele Bavota and Massimiliano Di Penta and Martin White and Denys Poshyvanyk},
      year={2019},
      eprint={1812.08693},
      archivePrefix={arXiv},
      primaryClass={cs.SE}
}

@misc{husain2020codesearchnet,
      title={CodeSearchNet Challenge: Evaluating the State of Semantic Code Search}, 
      author={Hamel Husain and Ho-Hsiang Wu and Tiferet Gazit and Miltiadis Allamanis and Marc Brockschmidt},
      year={2020},
      eprint={1909.09436},
      archivePrefix={arXiv},
      primaryClass={cs.LG}
}

@misc{crawford2023ai,
      title={AI in Software Engineering: A Survey on Project Management Applications}, 
      author={Talia Crawford and Scott Duong and Richard Fueston and Ayorinde Lawani and Samuel Owoade and Abel Uzoka and Reza M. Parizi and Abbas Yazdinejad},
      year={2023},
      eprint={2307.15224},
      archivePrefix={arXiv},
      primaryClass={cs.SE}
}

@misc{agarwal2024copilot,
      title={Copilot Evaluation Harness: Evaluating LLM-Guided Software Programming}, 
      author={Anisha Agarwal and Aaron Chan and Shubham Chandel and Jinu Jang and Shaun Miller and Roshanak Zilouchian Moghaddam and Yevhen Mohylevskyy and Neel Sundaresan and Michele Tufano},
      year={2024},
      eprint={2402.14261},
      archivePrefix={arXiv},
      primaryClass={cs.SE}
}

@conference{icsoft21,
author={Collins Mathews. and Kenny Ye. and Jake Grozdanovski. and Marcus Marinelli. and Kai Zhong. and Hourieh Khalajzadeh. and Humphrey Obie. and John Grundy.},
title={AH-CID: A Tool to Automatically Detect Human-Centric Issues in App Reviews},
booktitle={Proceedings of the 16th International Conference on Software Technologies - ICSOFT},
year={2021},
pages={386-397},
publisher={SciTePress},
organization={INSTICC},
doi={10.5220/0010576503860397},
isbn={978-989-758-523-4},
issn={2184-2833},
}

@misc{rick2023supermind,
      title={Supermind Ideator: Exploring generative AI to support creative problem-solving}, 
      author={Steven R. Rick and Gianni Giacomelli and Haoran Wen and Robert J. Laubacher and Nancy Taubenslag and Jennifer L. Heyman and Max Sina Knicker and Younes Jeddi and Hendrik Maier and Stephen Dwyer and Pranav Ragupathy and Thomas W. Malone},
      year={2023},
      eprint={2311.01937},
      archivePrefix={arXiv},
      primaryClass={cs.AI}
}

@INPROCEEDINGS{8805739,
  author={Dam, Hoa Khanh and Tran, Truyen and Grundy, John and Ghose, Aditya and Kamei, Yasutaka},
  booktitle={2019 IEEE/ACM 41st International Conference on Software Engineering: New Ideas and Emerging Results (ICSE-NIER)}, 
  title={Towards Effective AI-Powered Agile Project Management}, 
  year={2019},
  volume={},
  number={},
  pages={41-44},
  keywords={Artificial intelligence;Project management;Task analysis;Engines;Planning;Tools;Software;Software Engineering, Artificial Intelligence},
  doi={10.1109/ICSE-NIER.2019.00019}
}

@misc{tufano2024autodev,
      title={AutoDev: Automated AI-Driven Development}, 
      author={Michele Tufano and Anisha Agarwal and Jinu Jang and Roshanak Zilouchian Moghaddam and Neel Sundaresan},
      year={2024},
      eprint={2403.08299},
      archivePrefix={arXiv},
      primaryClass={cs.SE}
}

